<record><leader>00000cas a2200000 a 4500</leader><controlfield tag="001">11679152</controlfield><controlfield tag="008">850209d19611966hiuwr ne      0    0eng d</controlfield><datafield ind1=" " ind2=" " tag="010"><subfield code="a">sn 85047010 </subfield></datafield><datafield ind1=" " ind2=" " tag="040"><subfield code="a">HUH</subfield><subfield code="b">eng</subfield><subfield code="c">HUH</subfield><subfield code="d">HWN</subfield><subfield code="d">OCL</subfield><subfield code="d">OCLCQ</subfield></datafield><datafield ind1=" " ind2=" " tag="042"><subfield code="a">msc</subfield></datafield><datafield ind1=" " ind2=" " tag="043"><subfield code="a">n-us-hi</subfield></datafield><datafield ind1=" " ind2=" " tag="090"><subfield code="a">AN2</subfield><subfield code="b">.H3515</subfield></datafield><datafield ind1="0" ind2="4" tag="245"><subfield code="a">The Pali press and Kaneohe citizen.</subfield></datafield><datafield ind1="3" ind2="0" tag="246"><subfield code="a">Pali press</subfield></datafield><datafield ind1="3" ind2="0" tag="246"><subfield code="a">Kaneohe citizen</subfield></datafield><datafield ind1=" " ind2=" " tag="260"><subfield code="a">Kailua [Oahu, Hawaii] :</subfield><subfield code="b">Hawaii Press Newspapers Group,</subfield><subfield code="c">1961-1966.</subfield></datafield><datafield ind1=" " ind2=" " tag="300"><subfield code="a">5 v. :</subfield><subfield code="b">ill. ;</subfield><subfield code="c">60 cm.</subfield></datafield><datafield ind1=" " ind2=" " tag="310"><subfield code="a">Weekly</subfield></datafield><datafield ind1="1" ind2=" " tag="362"><subfield code="a">Began with v. 4, no. 11 (Mar. 15, 1961).</subfield></datafield><datafield ind1="0" ind2=" " tag="362"><subfield code="a">-v. 9, no. 1 (Jan. 5, 1966).</subfield></datafield><datafield ind1=" " ind2=" " tag="580"><subfield code="a">Many issues for Mar. 1962-Aug. 1963 include separately dated section with title: Hawaii military press.</subfield></datafield><datafield ind1=" " ind2=" " tag="588"><subfield code="a">Description based on: Vol. 5, no. 9 (Feb. 28, 1962).</subfield></datafield><datafield ind1=" " ind2="0" tag="651"><subfield code="a">Windward Oahu Region (Hawaii)</subfield><subfield code="v">Periodicals.</subfield></datafield><datafield ind1="0" ind2=" " tag="730"><subfield code="a">Hawaii military press.</subfield></datafield><datafield ind1=" " ind2=" " tag="752"><subfield code="a">United States</subfield><subfield code="b">Hawaii</subfield><subfield code="c">Honolulu</subfield><subfield code="d">Kailua.</subfield></datafield><datafield ind1="0" ind2="4" tag="780"><subfield code="t">Pali press (Kailua, Oahu, Hawaii : 1958)</subfield><subfield code="w">(DLC)sn 85047009</subfield><subfield code="w">(OCoLC)11679124</subfield></datafield><datafield ind1="0" ind2="4" tag="780"><subfield code="t">Kaneohe citizen</subfield></datafield><datafield ind1="0" ind2="0" tag="785"><subfield code="t">Daily Pali press and Kaneohe citizen</subfield><subfield code="w">(DLC)sn 85047011</subfield><subfield code="w">(OCoLC)11679190</subfield></datafield><datafield ind1="1" ind2=" " tag="787"><subfield code="t">Hawaii military press</subfield><subfield code="w">(DLC)sn 85047027</subfield><subfield code="w">(OCoLC)11703179</subfield></datafield></record>